% Encoding: UTF-8

@Manual{e4,
  title        = {E4 wristband from empatica. User's manual},
  organization = {Empatica},
  address      = {Via Stendhal 36, 20144 Milano (MI)},
  url          = {www.empatica.com},
}

@Comment{jabref-meta: databaseType:bibtex;}
